<record xmlns="http://www.loc.gov/MARC21/slim" xmlns:xsi="http://www.w3.org/2001/XMLSchema-instance" xsi:schemaLocation="http://www.loc.gov/MARC21/slim http://www.loc.gov/standards/marcxml/schema/MARC21slim.xsd"><leader>00988cz   2200193n  4500</leader><controlfield tag="001">oca00509670 </controlfield><controlfield tag="005">20000422065607.0</controlfield><controlfield tag="008">801009n| acannaabn          |b aaa      </controlfield><datafield ind1=" " ind2=" " tag="010"><subfield code="a">n  80129272 </subfield></datafield><datafield ind1=" " ind2=" " tag="040"><subfield code="a">DLC</subfield><subfield code="b">eng</subfield><subfield code="c">DLC</subfield><subfield code="d">OCoLC</subfield></datafield><datafield ind1="1" ind2=" " tag="100"><subfield code="a">Coelius Antipater, Lucius.</subfield></datafield><datafield ind1="1" ind2=" " tag="400"><subfield code="a">Antipater, Lucius Coelius</subfield></datafield><datafield ind1="1" ind2=" " tag="400"><subfield code="a">Caelius Antipater, Lucius</subfield></datafield><datafield ind1=" " ind2=" " tag="670"><subfield code="a">Herrmann, W. Die Historien des Coelius Antipater, 1979 (a.e.)</subfield><subfield code="b">t.p. (Coelius Antipater) p. 7 (L. Coelius Antipater, early Roman historian) p. 8 (sometimes called Caelius)</subfield></datafield><datafield ind1=" " ind2=" " tag="670"><subfield code="a">LC Class P-PA,</subfield><subfield code="b">p. 330 (Coelius Antipater, L., 2d. cent. B.C.) p. 292 (x-ref. from Antipater)</subfield></datafield><datafield ind1=" " ind2=" " tag="670"><subfield code="a">Der kleine Pauly,</subfield><subfield code="b">1964 (L. Coelius Antipater, x-ref. from Antipater; b. ca. 180-170 B.C.; still active after 121)</subfield></datafield><datafield ind1=" " ind2=" " tag="670"><subfield code="a">Harpers Dict. of Class. Lit.,</subfield><subfield code="b">1937 (Antipater, Lucius Caelius)</subfield></datafield><datafield ind1=" " ind2=" " tag="670"><subfield code="a">Oxford Class. Dict.,</subfield><subfield code="b">1970 (Coelius Antipater, Lucius)</subfield></datafield><datafield ind1=" " ind2=" " tag="670"><subfield code="a">Brit. Mus. Cat.</subfield><subfield code="b">(Antipater (Lucius Coelius); x-ref. from Coelius)</subfield></datafield></record>